@ARTICLE{RS1991,
    author = {{Rasio}, F.~A. and {Shapiro}, S.~L.},
    title = "{Collisions of giant stars with compact objects - Hydrodynamical calculations}",
    journal = {Astrophys. J.},
    year = 1991,
    month = aug,
    volume = 377,
    pages = {559-580},
    adsurl = {http://adsabs.harvard.edu/cgi-bin/nph-bib_query?bibcode=1991ApJ...377..559R&db_key=AST},
    adsnote = {Provided by the NASA Astrophysics Data System}
}

@ARTICLE{RS1,
    author = {{Rasio}, F.~A. and {Shapiro}, S.~L.},
    title = "{Hydrodynamical evolution of coalescing binary neutron stars}",
    journal = {Astrophys. J.},
    year = 1992,
    month = dec,
    volume = 401,
    pages = {226-245},
    adsurl = {http://adsabs.harvard.edu/cgi-bin/nph-bib_query?bibcode=1992ApJ...401..226R&db_key=AST},
    adsnote = {Provided by the NASA Astrophysics Data System}
}

@ARTICLE{LRS2,
    author = {{Lai}, D. and {Rasio}, F.~A. and {Shapiro}, S.~L.},
    title = "{Hydrodynamic instability and coalescence of close binary systems}",
    journal = {Astrophys. J. Lett.},
    year = 1993,
    month = apr,
    volume = 406,
    pages = {L63-L66},
    adsurl = {http://adsabs.harvard.edu/cgi-bin/nph-bib_query?bibcode=1993ApJ...406L..63L&db_key=AST},
    adsnote = {Provided by the NASA Astrophysics Data System}
}

@ARTICLE{LRS1993,
    author = {{Lai}, D. and {Rasio}, F.~A. and {Shapiro}, S.~L.},
    title = "{Collisions and close encounters between massive main-sequence stars}",
    journal = {Astrophys. J.},
    year = 1993,
    month = aug,
    volume = 412,
    pages = {593-611},
    adsurl = {http://adsabs.harvard.edu/cgi-bin/nph-bib_query?bibcode=1993ApJ...412..593L&db_key=AST},
    adsnote = {Provided by the NASA Astrophysics Data System}
}

@ARTICLE{LRS1,
    author = {{Lai}, D. and {Rasio}, F.~A. and {Shapiro}, S.~L.},
    title = "{Ellipsoidal figures of equilibrium - Compressible models}",
    journal = {Astrophys. J. Suppl.},
    year = 1993,
    month = sep,
    volume = 88,
    pages = {205-252},
    adsurl = {http://adsabs.harvard.edu/cgi-bin/nph-bib_query?bibcode=1993ApJS...88..205L&db_key=AST},
    adsnote = {Provided by the NASA Astrophysics Data System}
}

@ARTICLE{LRS3,
    author = {{Lai}, D. and {Rasio}, F.~A. and {Shapiro}, S.~L.},
    title = "{Hydrodynamic instability and coalescence of binary neutron stars}",
    journal = {Astrophys. J.},
    year = 1994,
    month = jan,
    volume = 420,
    pages = {811-829},
    adsurl = {http://adsabs.harvard.edu/cgi-bin/nph-bib_query?bibcode=1994ApJ...420..811L&db_key=AST},
    adsnote = {Provided by the NASA Astrophysics Data System}
}

@ARTICLE{LRS4,
    author = {{Lai}, D. and {Rasio}, F.~A. and {Shapiro}, S.~L.},
    title = "{Equilibrium, stability, and orbital evolution of close binary systems}",
    journal = {Astrophys. J.},
    year = 1994,
    month = mar,
    volume = 423,
    pages = {344-370},
    adsurl = {http://adsabs.harvard.edu/cgi-bin/nph-bib_query?bibcode=1994ApJ...423..344L&db_key=AST},
    adsnote = {Provided by the NASA Astrophysics Data System}
}

@ARTICLE{RS2,
    author = {{Rasio}, F.~A. and {Shapiro}, S.~L.},
    title = "{Hydrodynamics of binary coalescence. 1: Polytropes with stiff equations of state}",
    journal = {Astrophys. J.},
    year = 1994,
    month = sep,
    volume = 432,
    pages = {242-261},
    adsurl = {http://adsabs.harvard.edu/cgi-bin/nph-bib_query?bibcode=1994ApJ...432..242R&db_key=AST},
    adsnote = {Provided by the NASA Astrophysics Data System}
}

@ARTICLE{LRS5,
    author = {{Lai}, D. and {Rasio}, F.~A. and {Shapiro}, S.~L.},
    title = "{Hydrodynamics of rotating stars and close binary interactions: Compressible ellipsoid models}",
    journal = {Astrophys. J.},
    year = 1994,
    month = dec,
    volume = 437,
    pages = {742-769},
    adsurl = {http://adsabs.harvard.edu/cgi-bin/nph-bib_query?bibcode=1994ApJ...437..742L&db_key=AST},
    adsnote = {Provided by the NASA Astrophysics Data System}
}

@ARTICLE{RS3,
    author = {{Rasio}, F.~A. and {Shapiro}, S.~L.},
    title = "{Hydrodynamics of binary coalescence. 2: Polytropes with gamma = 5/3}",
    journal = {Astrophys. J.},
    year = 1995,
    month = jan,
    volume = 438,
    pages = {887-903},
    adsurl = {http://adsabs.harvard.edu/cgi-bin/nph-bib_query?bibcode=1995ApJ...438..887R&db_key=AST},
    adsnote = {Provided by the NASA Astrophysics Data System}
}

@ARTICLE{LomRS1995,
    author = {{Lombardi}, J.~C. and {Rasio}, F.~A. and {Shapiro}, S.~L.},
    title = "{On blue straggler formation by direct collisions of main sequence stars}",
    journal = {Astrophys. J. Lett.},
    year = 1995,
    month = jun,
    volume = 445,
    pages = {L117-L120},
    adsurl = {http://adsabs.harvard.edu/cgi-bin/nph-bib_query?bibcode=1995ApJ...445L.117L&db_key=AST},
    adsnote = {Provided by the NASA Astrophysics Data System}
}

@ARTICLE{LomRS1,
    author = {{Lombardi}, J.~C. and {Rasio}, F.~A. and {Shapiro}, S.~L.},
    title = "{Collisions of Main-Sequence Stars and the Formation of Blue Stragglers in Globular Clusters}",
    journal = {Astrophys. J.},
    year = 1996,
    month = sep,
    volume = 468,
    pages = {797-818},
    adsurl = {http://adsabs.harvard.edu/cgi-bin/nph-bib_query?bibcode=1996ApJ...468..797L&db_key=AST},
    adsnote = {Provided by the NASA Astrophysics Data System}
}

@ARTICLE{LomRS2,
    author = {{Lombardi}, J.~C. and {Rasio}, F.~A. and {Shapiro}, S.~L.},
    title = "{Post-Newtonian models of binary neutron stars}",
    journal = {Phys. Rev. D},
    year = 1997,
    month = sep,
    volume = 56,
    pages = {3416-3438},
    adsurl = {http://adsabs.harvard.edu/cgi-bin/nph-bib_query?bibcode=1997PhRvD..56.3416L&db_key=AST},
    adsnote = {Provided by the NASA Astrophysics Data System}
}

@ARTICLE{Ras1999,
     author = {{Rasio}, F.~A. and {Lombardi}, J.~C.},
     title = "{Smoothed particle hydrodynamics calculations of stellar 
interactions}",
     journal = {J. of Comp. and Applied Math.},
     year = 1999,
     month = sep,
     volume = 109,
     pages = {213-230}
}

@ARTICLE{Sills1997,
    author = {{Sills}, A. and {Lombardi}, J.~C. and {Bailyn}, C.~D. and {Demarque}, P. and 
        {Rasio}, F.~A. and {Shapiro}, S.~L.},
    title = "{Evolution of Stellar Collision Products in Globular Clusters. I. Head-on Collisions}",
    journal = {Astrophys. J.},
    year = 1997,
    month = sep,
    volume = 487,
    pages = {290-303},
    adsurl = {http://adsabs.harvard.edu/cgi-bin/nph-bib_query?bibcode=1997ApJ...487..290S&db_key=AST},
    adsnote = {Provided by the NASA Astrophysics Data System}
}

@ARTICLE{Sills2001,
    author = {{Sills}, A. and {Faber}, J.~A. and {Lombardi}, J.~C. and {Rasio}, F.~A. and 
        {Warren}, A.~R.},
    title = "{Evolution of Stellar Collision Products in Globular Clusters. II. Off-Axis Collisions}",
    journal = {Astrophys. J.},
    year = 2001,
    month = feb,
    volume = 548,
    pages = {323-334},
    adsurl = {http://adsabs.harvard.edu/cgi-bin/nph-bib_query?bibcode=2001ApJ...548..323S&db_key=AST},
    adsnote = {Provided by the NASA Astrophysics Data System}
}

@ARTICLE{Lom2002,
    author = {{Lombardi}, J.~C. and {Warren}, J.~S. and {Rasio}, F.~A. and 
        {Sills}, A. and {Warren}, A.~R.},
    title = "{Stellar Collisions and the Interior Structure of Blue Stragglers}",
    journal = {Astrophys. J.},
    year = 2002,
    month = apr,
    volume = 568,
    pages = {939-953},
    adsurl = {http://adsabs.harvard.edu/cgi-bin/nph-bib_query?bibcode=2002ApJ...568..939L&db_key=AST},
    adsnote = {Provided by the NASA Astrophysics Data System}
}

@ARTICLE{LSRS,
    author = {{Lombardi}, J.~C. and {Sills}, A. and {Rasio}, F.~A. and {Shapiro}, S.~L.
        },
    title = "{Tests of Spurious Transport in Smoothed Particle Hydrodynamics}",
    journal = {Journal of Computational Physics},
    year = 1999,
    month = jul,
    volume = 152,
    pages = {687-735},
    adsurl = {http://adsabs.harvard.edu/cgi-bin/nph-bib_query?bibcode=1999JCoPh.152..687L&db_key=PHY},
    adsnote = {Provided by the NASA Astrophysics Data System}
}

@ARTICLE{FR1,
    author = {{Faber}, J.~A. and {Rasio}, F.~A.},
    title = "{Post-Newtonian SPH calculations of binary neutron star coalescence: Method and first results}",
    journal = {Phys. Rev. D},
    year = 2000,
    month = sep,
    volume = 62,
    pages = {064012},
    adsurl = {http://adsabs.harvard.edu/cgi-bin/nph-bib_query?bibcode=2000PhRvD..62f4012F&db_key=AST},
    adsnote = {Provided by the NASA Astrophysics Data System}
}

@ARTICLE{FR2,
    author = {{Faber}, J.~A. and {Rasio}, F.~A. and {Manor}, J.~B.},
    title = "{Post-Newtonian smoothed particle hydrodynamics calculations of binary neutron star coalescence. II. Binary mass ratio, equation of state, and spin dependence}",
    journal = {Phys. Rev. D},
    year = 2001,
    month = feb,
    volume = 63,
    pages = {044012},
    adsurl = {http://adsabs.harvard.edu/cgi-bin/nph-bib_query?bibcode=2001PhRvD..63d4012F&db_key=AST},
    adsnote = {Provided by the NASA Astrophysics Data System}
}

@ARTICLE{FR3,
    author = {{Faber}, J.~A. and {Rasio}, F.~A.},
    title = "{Post-Newtonian SPH calculations of binary neutron star coalescence. III. Irrotational systems and gravitational wave spectra}",
    journal = {Phys. Rev. D},
    year = 2002,
    month = apr,
    volume = 65,
    pages = {084042},
    adsurl = {http://adsabs.harvard.edu/cgi-bin/nph-bib_query?bibcode=2002PhRvD..65h4042F&db_key=AST},
    adsnote = {Provided by the NASA Astrophysics Data System}
}

@ARTICLE{BDS,
    author = {{Blanchet}, L. and {Damour}, T. and {Schaefer}, G.},
    title = "{Post-Newtonian hydrodynamics and post-Newtonian gravitational wave generation for numerical relativity}",
    journal = {Mon. Not. R. Astron. Soc.},
    year = 1990,
    month = jan,
    volume = 242,
    pages = {289-305},
    adsurl = {http://adsabs.harvard.edu/cgi-bin/nph-bib_query?bibcode=1990MNRAS.242..289B&db_key=AST},
    adsnote = {Provided by the NASA Astrophysics Data System}
}

@ARTICLE{Mon1992,
    author = {{Monaghan}, J.~J.},
    title = "{Smoothed particle hydrodynamics}",
    journal = {Ann. Rev. Astron. Astrophys.},
    year = 1992,
    volume = 30,
    pages = {543-574},
    adsnote = {Provided by the NASA Astrophysics Data System}
}

@ARTICLE{GM,
    author = {{Gingold}, R.~A. and {Monaghan}, J.~J.},
    title = "{Smoothed particle hydrodynamics - Theory and application to non-spherical stars}",
    journal = {Mon. Not. R. Astron. Soc.},
    year = 1977,
    month = nov,
    volume = 181,
    pages = {375-389},
    adsurl = {http://adsabs.harvard.edu/cgi-bin/nph-bib_query?bibcode=1977MNRAS.181..375G&db_key=AST},
    adsnote = {Provided by the NASA Astrophysics Data System}
}

@ARTICLE{Lucy,
    author = {{Lucy}, L.~B.},
    title = "{A numerical approach to the testing of the fission hypothesis}",
    journal = {Astron. J.},
    year = 1977,
    month = dec,
    volume = 82,
    pages = {1013-1024},
    adsurl = {http://adsabs.harvard.edu/cgi-bin/nph-bib_query?bibcode=1977AJ.....82.1013L&db_key=AST},
    adsnote = {Provided by the NASA Astrophysics Data System}
}

@ARTICLE{GGTMB,
    author = {{Gourgoulhon}, E. and {Grandcl{\' e}ment}, P. and {Taniguchi}, K. and 
        {Marck}, J. and {Bonazzola}, S.},
    title = "{Quasiequilibrium sequences of synchronized and irrotational binary neutron stars in general relativity: Method and tests}",
    journal = {Phys. Rev. D},
    year = 2001,
    month = mar,
    volume = 63,
    pages = {064029},
    adsurl = {http://adsabs.harvard.edu/cgi-bin/nph-bib_query?bibcode=2001PhRvD..63f4029G&db_key=AST},
    adsnote = {Provided by the NASA Astrophysics Data System}
}

@ARTICLE{TGB,
    author = {{Taniguchi}, K. and {Gourgoulhon}, E. and {Bonazzola}, S.},
    title = "{Quasiequilibrium sequences of synchronized and irrotational binary neutron stars in general relativity. II. Newtonian limits}",
    journal = {Phys. Rev. D},
    year = 2001,
    month = sep,
    volume = 64,
    pages = {064012},
    adsurl = {http://adsabs.harvard.edu/cgi-bin/nph-bib_query?bibcode=2001PhRvD..64f4012T&db_key=AST},
    adsnote = {Provided by the NASA Astrophysics Data System}
}

@ARTICLE{TG,
    author = {{Taniguchi}, K. and {Gourgoulhon}, E.},
    title = "{Equilibrium sequences of synchronized and irrotational binary systems composed of different mass stars in Newtonian gravity}",
    journal = {Phys. Rev. D},
    year = 2002,
    month = feb,
    volume = 65,
    pages = {044027},
    adsurl = {http://adsabs.harvard.edu/cgi-bin/nph-bib_query?bibcode=2002PhRvD..65d4027T&db_key=AST},
    adsnote = {Provided by the NASA Astrophysics Data System}
}

@ARTICLE{claAV,
    author = {{Monaghan}, J.~J.},
    title = "{On the problem of penetration in particle methods}",
    journal = {Journal of Computational Physics},
    year = 1989,
    month = may,
    volume = 82,
    pages = {1-15},
    adsurl = {http://adsabs.harvard.edu/cgi-bin/nph-bib_query?bibcode=1989JCoPh..82....1M&db_key=PHY},
    adsnote = {Provided by the NASA Astrophysics Data System}
}

@ARTICLE{newAV,
    author = {{Hernquist}, L. and {Katz}, N.},
    title = "{TREESPH - A unification of SPH with the hierarchical tree method}",
    journal = {Astrophys. J. Suppl.},
    year = 1989,
    month = jun,
    volume = 70,
    pages = {419-446},
    adsurl = {http://adsabs.harvard.edu/cgi-bin/nph-bib_query?bibcode=1989ApJS...70..419H&db_key=AST},
    adsnote = {Provided by the NASA Astrophysics Data System}
}

@ARTICLE{balAV,
    author = {{Balsara}, D.~S.},
    title = "{von Neumann stability analysis of smooth particle hydrodynamics--suggestions for optimal algorithms}",
    journal = {Journal of Computational Physics},
    year = 1995,
    volume = 121,
    pages = {357-372},
    adsurl = {http://adsabs.harvard.edu/cgi-bin/nph-bib_query?bibcode=1995JCoPh.121..357B&db_key=AST},
    adsnote = {Provided by the NASA Astrophysics Data System}
}

@ARTICLE{RJS,
    author = {{Ruffert}, M. and {Janka}, H.-T. and {Schaefer}, G.},
    title = "{Coalescing neutron stars - a step towards physical models. I. Hydrodynamic evolution and gravitational-wave emission.}",
    journal = {Astron. \& Astrophys.},
    year = 1996,
    month = jul,
    volume = 311,
    pages = {532-566},
    adsurl = {http://adsabs.harvard.edu/cgi-bin/nph-bib_query?bibcode=1996A%26A...311..532R&db_key=AST},
    adsnote = {Provided by the NASA Astrophysics Data System}
}

@ARTICLE{RJTS,
    author = {{Ruffert}, M. and {Janka}, H.-T. and {Takahashi}, K. and {Schaefer}, G.
        },
    title = "{Coalescing neutron stars - a step towards physical models. II. Neutrino emission, neutron tori, and gamma-ray bursts.}",
    journal = {Astron. \& Astrophys.},
    year = 1997,
    month = mar,
    volume = 319,
    pages = {122-153},
    adsurl = {http://adsabs.harvard.edu/cgi-bin/nph-bib_query?bibcode=1997A%26A...319..122R&db_key=AST},
    adsnote = {Provided by the NASA Astrophysics Data System}
}

@ARTICLE{RRJ,
    author = {{Ruffert}, M. and {Rampp}, M. and {Janka}, H.-T.},
    title = "{Coalescing neutron stars - gravitational waves from polytropic models.}",
    journal = {Astron. \& Astrophys.},
    year = 1997,
    month = may,
    volume = 321,
    pages = {991-1006},
    adsurl = {http://adsabs.harvard.edu/cgi-bin/nph-bib_query?bibcode=1997A%26A...321..991R&db_key=AST},
    adsnote = {Provided by the NASA Astrophysics Data System}
}

@ARTICLE{APODR,
    author = {{Ayal}, S. and {Piran}, T. and {Oechslin}, R. and {Davies}, M.~B. and 
        {Rosswog}, S.},
    title = "{Post-Newtonian Smoothed Particle Hydrodynamics}",
    journal = {Astrophys. J.},
    year = 2001,
    month = apr,
    volume = 550,
    pages = {846-859},
    adsurl = {http://adsabs.harvard.edu/cgi-bin/nph-bib_query?bibcode=2001ApJ...550..846A&db_key=AST},
    adsnote = {Provided by the NASA Astrophysics Data System}
}

@BOOK{NR,
    author = {{Press}, W.~H. and {Teukolsky}, S.~A. and {Vetterling}, W.~T. and 
        {Flannery}, B.~P.},
    title = "{Numerical recipes in FORTRAN. The art of scientific computing}",
    publisher = {Cambridge: University Press, c. 1992, 2nd ed.},
    year = 1992,
    adsurl = {http://adsabs.harvard.edu/cgi-bin/nph-bib_query?bibcode=1992nrfa.book.....P&db_key=AST},
    adsnote = {Provided by the NASA Astrophysics Data System}
}

@InProceedings{fftw1,
  author =       {Frigo, Matteo and Johnson, Steven~G.},
  title =        {{F}{F}{T}{W}: An adaptive software architecture for the {F}{F}{T}},
  booktitle =    {Proc. 1998 IEEE Intl. Conf. Acoustics Speech and Signal Processing},
  pages =        {1381--1384},
  year =         1998,
  volume =       3,
  publisher =    {IEEE}
}

@TechReport{fftw2,
  author = {Frigo, Matteo and Johnson, Steven~G.},
  title = {The Fastest {F}ourier Transform in the West},
  institution =  {Massachusetts Institute of Technology},
  year = 1997,
  number = {MIT-LCS-TR-728},
  month = {September}
}

